% Sorted by type of entry, then by author.

% BOOKS
@book{dummit2004abstract,
  title={Abstract algebra},
  author={Dummit, David Steven and Foote, Richard M},
  volume={3},
  year={2004},
  publisher={Wiley Hoboken}
}

@book{folland2013real,
  title={Real analysis: modern techniques and their applications},
  author={Folland, Gerald B},
  year={2013},
  publisher={John Wiley \& Sons}
}

@book{munkres2000topology,
  title={Topology},
  author={Munkres, James R},
  year={2000},
  publisher={Prentice Hall}
}

@book{rudin2006real,
  title={Real and complex analysis},
  author={Rudin, Walter},
  year={2006},
  publisher={Tata McGraw-Hill Education}
}

@book{schilling2017measures,
  title={Measures, integrals and martingales},
  author={Schilling, Ren{\'e} L},
  year={2017},
  publisher={Cambridge University Press}
}
